@inproceedings{basile2012ugroningen,
	Address = {Montr{\'e}al, Canada},
	Author = {Valerio Basile and Johan Bos and Kilian Evang and Noortje Joost Venhuizen},
	Booktitle = {Proceedings of the First Joint Conference on Lexical and Computational Semantics ({*SEM 2012})},
	Editor = {Eneko Agirre and Johan Bos and Mona Diab},
	Pages = {301--309},
	Publisher = {Association for Computational Linguistics},
	Title = {{UGroningen: Negation detection with Discourse Representation Structures}},
	Url = {http://ixa2.si.ehu.es/starsem/proc/pdf/STARSEM-SEMEVAL040.pdf},  
	Volume = {1},
	Year = {2012}
}
