@inproceedings{basile2012developing,
	Address = {Istanbul, Turkey},
	Author = {Valerio Basile and Johan Bos and Kilian Evang and Noortje J. Venhuizen},
	Booktitle = {Proceedings of the Eighth International Conference on Language Resources and Evaluation ({LREC'12})},
	Editor = {Nicoletta Calzolari and Khalid Choukri and Thierry Declerck and Mehmet U{\u g}ur Do{\u g}an and Bente Maegaard and Joseph Mariani and Asuncion Moreno and Jan Odijk and Stelios Piperidis},
	Pages = {3196--3200},
	Publisher = {European Language Resources Association (ELRA)},
	Title = {Developing a large semantically annotated corpus},
	Year = {2012}
}
