@inproceedings{roelofsen2013positive,
	Address = {Paris},
	Author = {Floris Roelofsen and Noortje Joost Venhuizen and Galit Weidman Sassoon},
	Booktitle = {Proceedings of Sinn und Bedeutung 17},
	Editor = {Emmanuel Chemla and Vincent Homer and Gr\'egoire Winterstein},
	Pages = {455-472},
	Title = {Positive and negative questions in discourse},
	Year = {2013}
}
