@inproceedings{venhuizen2013parsimonious,
	Address = {Potsdam, Germany},
	Author = {Noortje Joost Venhuizen and Johan Bos and Harm Brouwer},
	Booktitle = {Proceedings of the 10th International Conference on Computational Semantics ({IWCS 2013}) -- Long Papers},
	Editor = {Erk, Katrin and Koller, Alexander},
	Month = {March},
	Pages = {252--263},
	Publisher = {Association for Computational Linguistics},
	Title = {Parsimonious Semantic Representations with Projection Pointers},
	Url = {http://www.aclweb.org/anthology/W13-0122},
	Year = {2013}
}
