@inproceedings{venhuizen2013gamification,
	Address = {Potsdam, Germany},
	Author = {Noortje Joost Venhuizen and Valerio Basile and Kilian Evang and Johan Bos},
	Booktitle = {Proceedings of the 10th International Conference on Computational Semantics (IWCS 2013) -- Short Papers},
	Pages = {397--403},
	Publisher = {Association for Computational Linguistics},
	Title = {Gamification for Word Sense Labeling},
	Year = {2013}
}
