
@inproceedings{venhuizen2014salt,
	Address = {New York},
	Author = {Noortje Joost Venhuizen and Johan Bos and Petra Hendriks and Harm Brouwer},
	Booktitle = {Proceedings of Semantics and Linguistic Theory ({SALT})},
	Editor = {Todd Snider and Jennifer Wiegand and Sarah D'Antonio},
	Pages = {63--83},
	Title = {How and why conventional implicatures project},
	Url = {http://journals.linguisticsociety.org/proceedings/index.php/SALT/article/view/24.63},
	Volume = {24},  
	Year = {2014}
}
