@inproceedings{venhuizen2014pdrtsandbox,
	Address = {Edinburgh},
	Author = {Noortje Joost Venhuizen and Harm Brouwer},
	Booktitle = {Proceedings of the 18th Workshop on the Semantics and Pragmatics of Dialogue (DialWatt - SemDial 2014)},
	Editor = {Verena Rieser and Philippe Muller},
	Pages = {249-251},
	Title = {{PDRT-SANDBOX}: An implementation of {Projective Discourse Representation Theory}},
	Year = {2014}
}
